<?xml version="1.0" encoding="UTF-8"?><collection xmlns="http://www.loc.gov/MARC21/slim"><record><leader>00557nam--2200193-i-4500</leader><controlfield tag="001">000016933</controlfield><controlfield tag="002">20161230</controlfield><controlfield tag="005">20161230201032</controlfield><controlfield tag="008">060222s1000------------r-----000-0-rum-d</controlfield><datafield ind1=" " ind2=" " tag="040"><subfield code="a">IFIN-HH</subfield></datafield><datafield ind1=" " ind2=" " tag="041"><subfield code="a">rum</subfield></datafield><datafield ind1=" " ind2=" " tag="080"><subfield code="a">534-8</subfield></datafield><datafield ind1="1" ind2=" " tag="100"><subfield code="a">Dimitriu, Elena</subfield></datafield><datafield ind1="1" ind2="0" tag="245"><subfield code="a">Ultrasunetele - posibilitati de utilizare in industria alimentara si biologie</subfield><subfield code="c">Elena dumitriu, pompiliu nicolau, vitalie teodoru</subfield></datafield><datafield ind1=" " ind2=" " tag="260"><subfield code="a">Bucuresti, Editura Ceres, 1990</subfield></datafield><datafield ind1=" " ind2=" " tag="300"><subfield code="a">117P</subfield></datafield><datafield ind1="1" ind2=" " tag="700"><subfield code="a">Teodoru, Vitale</subfield></datafield><datafield ind1=" " ind2=" " tag="852"><subfield code="a">79214</subfield><subfield code="c">534</subfield></datafield><datafield ind1=" " ind2=" " tag="CAT"><subfield code="a">Sys</subfield><subfield code="c">20101013</subfield><subfield code="h">150142</subfield></datafield></record></collection>